<?xml version="1.0" encoding="UTF-8"?><collection xmlns="http://www.loc.gov/MARC21/slim"><record><leader>00402nam--2200133-i-4500</leader><controlfield tag="001">000009261</controlfield><controlfield tag="002">20161230</controlfield><controlfield tag="005">20161230201028</controlfield><controlfield tag="008">060222s1000------------r-----000-0-eng-d</controlfield><datafield ind1=" " ind2=" " tag="245"><subfield code="a">Institutt for atomenergi kjeller research establishment. semi-anual report january-june 1965</subfield></datafield><datafield ind1=" " ind2=" " tag="260"><subfield code="a">Kjeller, Institutt For Atomenergi, 1965 55 P. +33 Fig</subfield></datafield><datafield ind1=" " ind2=" " tag="490"><subfield code="a">Kr</subfield></datafield><datafield ind1=" " ind2=" " tag="700"><subfield code="a">Aabakken, Bjarne</subfield></datafield><datafield ind1=" " ind2=" " tag="852"><subfield code="a">30655</subfield></datafield></record></collection>